@article{shuman2013emerging,
  title={The emerging field of signal processing on graphs: Extending high-dimensional data analysis to networks and other irregular domains},
  author={Shuman, David I and Narang, Sunil K and Frossard, Pascal and Ortega, Antonio and Vandergheynst, Pierre},
  journal={IEEE Signal Processing Magazine},
  volume={30},
  number={3},
  pages={83--98},
  year={2013},
  publisher={IEEE}
}
@article{sandryhaila2013discrete,
  title={Discrete signal processing on graphs},
  author={Sandryhaila, Aliaksei and Moura, Jos{'e} MF},
  journal={IEEE Transactions on Signal Processing},
  volume={61},
  number={7},
  pages={1644--1656},
  year={2013},
  publisher={IEEE}
}
@article{ortega2018graph,
  title={Graph signal processing: Overview, challenges, and applications},
  author={Ortega, Antonio and Frossard, Pascal and Kovacevi'c, Jelena and Moura, Jos'e MF and Vandergheynst, Pierre},
  journal={Proceedings of the IEEE},
  volume={106},
  number={5},
  pages={808--828},
  year={2018},
  publisher={IEEE}
}
@article{leus2023graph,
  title={Graph signal processing: History, development, impact, and outlook},
  author={Leus, Geert and Marques, Antonio G and Moura, Jos'e MF and Ortega, Antonio and Shuman, David I},
  journal={IEEE Signal Processing Magazine},
  volume={40},
  number={4},
  pages={49--60},
  year={2023},
  publisher={IEEE}
}

%GSR

@article{chen2015signal,
  title={Signal recovery on graphs: Variation minimization},
  author={Chen, Siheng and Sandryhaila, Aliaksei and Moura, Jos'e MF and Kovacevi'c, Jelena},
  journal={IEEE Transactions on Signal Processing},
  volume={63},
  number={17},
  pages={4609--4624},
  year={2015},
  publisher={IEEE}
}
@article{onuki2016graph,
  title={Graph signal denoising via trilateral filter on graph spectral domain},
  author={Onuki, Masaki and Ono, Shunsuke and Yamagishi, Masao and Tanaka, Yuichi},
  journal={IEEE Transactions on Signal and Information Processing over Networks},
  volume={2},
  number={2},
  pages={137--148},
  year={2016},
  publisher={IEEE}
}
@article{qiu2017time,
  title={Time-varying graph signal reconstruction},
  author={Qiu, Kai and Mao, Xianghui and Shen, Xinyue and Wang, Xiaohan and Li, Tiejian and Gu, Yuantao},
  journal={IEEE Journal of Selected Topics in Signal Processing},
  volume={11},
  number={6},
  pages={870--883},
  year={2017},
  publisher={IEEE}
}
@article{chen2021graph,
  title={Graph unrolling networks: Interpretable neural networks for graph signal denoising},
  author={Chen, Siheng and Eldar, Yonina C and Zhao, Lingxiao},
  journal={IEEE Transactions on Signal Processing},
  volume={69},
  pages={3699--3713},
  year={2021},
  publisher={IEEE}
}
@article{chen2024manifold,
  title={Manifold graph signal restoration using gradient graph Laplacian regularizer},
  author={Chen, Fei and Cheung, Gene and Zhang, Xue},
  journal={IEEE Transactions on Signal Processing},
  volume={72},
  pages={744--761},
  year={2024},
  publisher={IEEE}
}

@ARTICLE{yamagata2025robust,
  author={Yamagata, Eisuke and Naganuma, Kazuki and Ono, Shunsuke},
  journal={IEEE Transactions on Signal and Information Processing over Networks}, 
  title={Robust Time-Varying Graph Signal Recovery for Dynamic Physical Sensor Network Data}, 
  year={2025},
  volume={11},
  number={},
  pages={59-70}
}


% GLR
@article{merris1994laplacian,
  title={Laplacian matrices of graphs: a survey},
  author={Merris, Russell},
  journal={Linear algebra and its Applications},
  volume={197},
  pages={143--176},
  year={1994},
  publisher={Elsevier}
}
@article{pang2017graph,
  title={Graph Laplacian regularization for image denoising: Analysis in the continuous domain},
  author={Pang, Jiahao and Cheung, Gene},
  journal={IEEE Transactions on Image Processing},
  volume={26},
  number={4},
  pages={1770--1785},
  year={2017},
  publisher={IEEE}
}
@article{zhang2019color,
  title={Color-guided depth image recovery with adaptive data fidelity and transferred graph Laplacian regularization},
  author={Zhang, Yongbing and Feng, Yihui and Liu, Xianming and Zhai, Deming and Ji, Xiangyang and Wang, Haoqian and Dai, Qionghai},
  journal={IEEE Transactions on Circuits and Systems for Video Technology},
  volume={30},
  number={2},
  pages={320--333},
  year={2019},
  publisher={IEEE}
}
@article{dinesh2020point,
  title={Point cloud denoising via feature graph Laplacian regularization},
  author={Dinesh, Chinthaka and Cheung, Gene and Baji'c, Ivan V},
  journal={IEEE Transactions on Image Processing},
  volume={29},
  pages={4143--4158},
  year={2020},
  publisher={IEEE}
}

%GTV
@inproceedings{chen2014signal,
  title={Signal inpainting on graphs via total variation minimization},
  author={Chen, Siheng and Sandryhaila, Aliaksei and Lederman, George and Wang, Zihao and Moura, Jos'e MF and Rizzo, Piervincenzo and Bielak, Jacobo and Garrett, James H and Kovacevic, Jelena},
  booktitle={2014 IEEE International Conference on Acoustics, Speech and Signal Processing (ICASSP)},
  pages={8267--8271},
  year={2014},
  organization={IEEE}
}
@article{berger2017graph,
  title={Graph signal recovery via primal-dual algorithms for total variation minimization},
  author={Berger, Peter and Hannak, Gabor and Matz, Gerald},
  journal={IEEE Journal of Selected Topics in Signal Processing},
  volume={11},
  number={6},
  pages={842--855},
  year={2017},
  publisher={IEEE}
}
%Proximal
@book{combettes2011proximal,
  title={Proximal splitting methods in signal processing},
  author={Combettes, Patrick L and Pesquet, Jean-Christophe},
  booktitle={Fixed-Point Algorithms for Inverse Problems in Science and Engineering},
  pages={185--212},
  year={2011},
  publisher={Springer}
}
@article{parikh2014proximal,
  title={Proximal algorithms},
  author={Parikh, Neal and Boyd, Stephen and others},
  journal={Foundations and Trends{\textregistered} in Optimization},
  volume={1},
  number={3},
  pages={127--239},
  year={2014},
  publisher={Now Publishers, Inc.}
}

% TGV (As an example of infimal convolution-based regularization)
@article{bredies2010total,
  title={Total generalized variation},
  author={Bredies, Kristian and Kunisch, Karl and Pock, Thomas},
  journal={SIAM Journal on Imaging Sciences},
  volume={3},
  number={3},
  pages={492--526},
  year={2010},
  publisher={SIAM}
}

% G-TGV (As an example of infimal convolution-based regularization)
@inproceedings{ono2015total,
  title={Total generalized variation for graph signals},
  author={Ono, Shunsuke and Yamada, Isao and Kumazawa, Itsuo},
  booktitle={2015 IEEE International Conference on Acoustics, Speech and Signal Processing (ICASSP)},
  pages={5456--5460},
  year={2015},
  organization={IEEE}
}

% Infimal convolution
% Google Scholar ではヒットしませんでした
@book{infimal_convolution,
author = {Bauschke, Heinz H. and Combettes, Patrick L.},
title = {Convex Analysis and Monotone Operator Theory in Hilbert Spaces},
year = {2017},
isbn = {3319483102},
publisher = {Springer Publishing Company, Incorporated},
edition = {2nd},
}

% PDS (Mention when introducing P-PDS)
@article{chambolle2011first,
  title={A first-order primal-dual algorithm for convex problems with applications to imaging},
  author={Chambolle, Antonin and Pock, Thomas},
  journal={Journal of Mathematical Imaging and Vision},
  volume={40},
  number={1},
  pages={120--145},
  year={2011},
  publisher={Springer}
}

% P-PDS
@inproceedings{pock2011diagonal,
  title={Diagonal preconditioning for first order primal-dual algorithms in convex optimization},
  author={Pock, Thomas and Chambolle, Antonin},
  booktitle={2011 International Conference on Computer Vision},
  pages={1762--1769},
  year={2011},
  organization={IEEE}
}

% OVDP (When mentioning automatic stepsize selection for P-PDS)
@article{naganuma2023variable,
  title={Variable-wise diagonal preconditioning for primal-dual splitting: Design and applications},
  author={Naganuma, Kazuki and Ono, Shunsuke},
  journal={IEEE Transactions on Signal Processing},
  volume={71},
  pages={3281--3295},
  year={2023},
  publisher={IEEE}
}

% GSPBox reference
@article{perraudin2014gspbox,
  title={GSPBOX: A toolbox for signal processing on graphs},
  author={Perraudin, Nathana{\"e}l and Paratte, Johan and Shuman, David and Martin, Lionel and Kalofolias, Vassilis and Vandergheynst, Pierre and Hammond, David K},
  journal={arXiv preprint arXiv:1408.5781},
  year={2014}
}

% Merits of Constrained optimization

@article{afonso2010augmented,
  title={An augmented Lagrangian approach to the constrained optimization formulation of imaging inverse problems},
  author={Afonso, Manya V and Bioucas-Dias, Jos{\'e} M and Figueiredo, M{\'a}rio AT},
  journal={IEEE Transactions on Image Processing},
  volume={20},
  number={3},
  pages={681--695},
  year={2010},
  publisher={IEEE}
}
@article{chierchia2015epigraphical,
  title={Epigraphical projection and proximal tools for solving constrained convex optimization problems},
  author={Chierchia, Giovanni and Pustelnik, Nelly and Pesquet, J-C and Pesquet-Popescu, B{\'e}atrice},
  journal={Signal, Image and Video Processing},
  volume={9},
  number={8},
  pages={1737--1749},
  year={2015},
  publisher={Springer}
}
@article{ono2015signal,
  title={Signal recovery with certain involved convex data-fidelity constraints},
  author={Ono, Shunsuke and Yamada, Isao},
  journal={IEEE Transactions on Signal Processing},
  volume={63},
  number={22},
  pages={6149--6163},
  year={2015},
  publisher={IEEE}
}
@article{ono2017primal,
  title={Primal-dual plug-and-play image restoration},
  author={Ono, Shunsuke},
  journal={IEEE Signal Processing Letters},
  volume={24},
  number={8},
  pages={1108--1112},
  year={2017},
  publisher={IEEE}
}
@article{ono2017l_,
  title={$ {L}_0 $ Gradient Projection},
  author={Ono, Shunsuke},
  journal={IEEE Transactions on Image Processing},
  volume={26},
  number={4},
  pages={1554--1564},
  year={2017},
  publisher={IEEE}
}

@article{ando2006learning,
  title={Learning on graph with Laplacian regularization},
  author={Ando, Rie and Zhang, Tong},
  journal={Advances in neural information processing systems},
  volume={19},
  year={2006}
}